@misc{scrumalliance,
      author = "Rish Devendra",
      year = 2014,
      title={Key Elements of the Sprint Retrospective}, url={https://www.scrumalliance.org/community/articles/2014/april/key-elements-of-sprint-retrospective}, journal={Key elements of Sprint Retrospective - Scrum Alliance}} 
      

@misc{prioritise,
      author={Michael Lant},
      year={2015},
      title={How to Easily Prioritize Your Agile Stories},
      url={https://michaellant.com/2010/05/21/how-to-easily-prioritize-your-agile-stories/}, 
      journal={Michael Lant} } 

@BOOK{softengbook,
  title = {Software Engineering},
  publisher = {Pearson},
  year = 2016,
  author = {Ian Sommerville},
  timestamp = {2016.11.30}
}

@misc{4ls,
  author = {Retrium},
  title={4Ls: A retrospective technique}, 
  url={https://www.retrium.com/resources/techniques/4ls},  
  journal={The 4Ls retrospective technique, by Retrium. Agile retrospectives made easy}
} 

@misc{invest,
  author = {Bill Wake},
  title = {INVEST in Good Stories, and SMART Tasks},
  url={http://xp123.com/articles/invest-in-good-stories-and-smart-tasks/},
  journal = {Bill Wake}
}