@misc{scrumalliance,
      author = "Rish Devendra",
      year = 2014,
      title={Key Elements of the Sprint Retrospective}, url={https://www.scrumalliance.org/community/articles/2014/april/key-elements-of-sprint-retrospective}, journal={Key elements of Sprint Retrospective - Scrum Alliance}} 

@misc{prioritise,
      author={Michael Lant},
      year={2015},
      title={How to Easily Prioritize Your Agile Stories},
      url={https://michaellant.com/2010/05/21/how-to-easily-prioritize-your-agile-stories/}, 
      journal={Michael Lant} } 

@inbook{softengbook,
  title = {Software Engineering},
  publisher = {Pearson},
  year = 2016,
  author = {Ian Sommerville},
  timestamp = {2016.11.30}
}

@misc{4ls,
  author = {Retrium},
  title={4Ls: A retrospective technique}, 
  url={https://www.retrium.com/resources/techniques/4ls},  
  journal={The 4Ls retrospective technique, by Retrium. Agile retrospectives made easy}
} 

@misc{invest,
  author = {Bill Wake},
  title = {INVEST in Good Stories, and SMART Tasks},
  url={http://xp123.com/articles/invest-in-good-stories-and-smart-tasks/},
  journal = {Bill Wake}
}

@misc{primer,
  author = {Dean Leffingwell and Pete Behrens},
  title = {White Paper: A User Story Primer},
  year = {2009},
  institution = {Leffingwell, LLC.},
  url = {https://scalingsoftwareagility.files.wordpress.com/2009/11/user-story-primer\_1.pdf}
}

@inbook{agile-estimating,
  author = {Mike Cohn},
  publisher = {Prentice Hall},
  year = {2005},
  title = {Agile Estimating and Planning},
  chapter = {6 - Techniques for Estimating}
}

@misc{epics,
  author = {Attlasian},
  title = {Working with Epics},
  url = {https://confluence.atlassian.com/agile/jira-agile-user-s-guide/working-with-epics}
}

@article{ai-risks,
  author = {Daisuke Wakabayashi},
  year = {2015},
  title = {NY Times - A Lawsuit Against Uber Highlights the Rush to Conquer Driverless Cars},
  url = {https://www.nytimes.com/2017/02/24/technology/anthony-levandowski-waymo-uber-google-lawsuit.html}
}

@article{uber-red-light,
  author = {Adriano Mannino},
  year = {2015},
  title = {Artificial Intelligence: Opportunities and Risks},
  url = {https://foundational-research.org/wp-content/uploads/2016/06/AI-Policy-Paper.pdf}
}

@article{volkswagen,
  author = {Eliana Dockterman},
  year = {2015},
  title = {Robot Kills Man at Volkswagen Plant},
  url = {http://time.com/3944181/robot-kills-man-volkswagen-plant/}
}

@misc{deepmind,
  author = {David Silver},
  year = {2016},
  title = {Mastering the Game of Go with Deep Neural Networks and Tree Search},
  url = {https://gogameguru.com/i/2016/03/deepmind-mastering-go.pdf}
}

@inbook{agile-retrospectives,
  author = {Esther Derby and Diana Larsen},
  publisher = {Pragmatic Bookshelf},
  year = {2006},
  title = {Agile Retrospectives: Making Good Teams Great (Pragmatic Programmers)}
}
