@TECHREPORT{tabuSearchFundamentals,
    author = {Glover, Fred},
    title = {{Tabu Search Fundamentals and Uses}},
    institution = {Graduate School of Business, University of Colorado},
    year = {1995}
}

@INPROCEEDINGS{gaTSP,
    author={Li-Ying Wang and Jie Zhang and Hua Li},
    booktitle={{Machine Learning and Cybernetics, 2007 International Conference on}}, 
    title={{An Improved Genetic Algorithm for TSP}},
    year={2007},
    month={August},
    volume={2},
    number={},
    pages={925 -928},
    keywords={NP-hard combinatorial optimization problem;TSP;convergent
	      speed;genetic algorithm;traveling salesman problem;untwist
	      operator;convergence;genetic algorithms;mathematical
	      operators;transportation;travelling salesman problems;},
    doi={10.1109/ICMLC.2007.4370274},
    ISSN={},}

@article{av,
    author = {Cristopher D. Hundhausen, Sarah A. Douglas and John T. Stasko},
    title = {{A Meta-Study of Algorithm Visualization E¡ectiveness}},
    journal = {Journal of Visual Languages and Computing},
    volume = {13},
    year = {2002},
    pages = {259-290},
}

@article{agile-methodologies,
    author = {Choudhary, Bharat and Shanu K Rakesh},
    title = {{An Approach using Agile Method for Software Development}},
    publisher = {IEEE},
    journal = {Innovation and Challenges in Cyber Security (ICICCS-INBUSH)},
    year = {2016}
}

@article{animator-toolkit,
    author = {John Morris},
    title = {{A toolkit for algorithm animation.}},
    journal = {Proceedings AEESEAP},
    year = {2004}
}

@misc{visualgo,
    author = {Halim, Steven et al.},
    TITLE = {{VisuAlgo Website}},
    HOWPUBLISHED = "\url{http://visualgo.net}"
}

@misc{electron,
    author = {Electron},
    title = {{Electron Website}},
    howpublished = "\url{https://electron.atom.io}"
}

@misc{visjs,
    author = {VisJS},
    title = {{VisJs Website}},
    howpublished = "\url{http://visjs.org}"
}

@misc{galles,
    author = {David Galles},
    title = {{David Galles Algorithm Animator}},
    howpublished = "\url{https://www.cs.usfca.edu/~galles/visualization/Algorithms.html}"
}

@misc{trello,
    author = {Trello},
    title = {{Trello Website}},
    howpublished = "\url{https://trello.com}"
}

@misc{circleci,
    author = {CircleCI},
    title = {{CircleCI Website}},
    howpublished = "\url{https://circleci.com}"
}

@misc{stackoverflow-survey,
    author = {StackOverflow},
    title = {{StackOverflow 2017 Survery}},
    howpublished = "\url{http://stackoverflow.com/insights/survey/2017#technology}"
}

@misc{user-story-format,
    author = {Connextra},
    title = {{Connextra User Story 2001: ConnextraStoryCard}},
    howpublished = "\url{https://en.wikipedia.org/wiki/User_story#cite_note-connextra-4}"
}

@book{oxford-dict,
    author    = "Oxford Dictionaries",
    title     = "Oxford English Dictionary",
    year      = "2012",
    publisher = "OUP Oxford"
}

@article{dijkstra-shortest-path,
    author = {E. W. Dijkstra},
    title = {{A note on two problems in connexion with graphs}},
    journal = {Numerische Mathematik},
    volume = {1},
    year = {1959},
    pages = {269-271}
}

@article{parker-mitchell,
    author = {Parker, Brenda, and Ian Mitchell},
    title = {{Effective methods for learning: a study in visualization.}},
    journal = {Journal of Computing Sciences in Colleges},
    volume = {22},
    number = {2},
    year = {2006},
    pages = {176-182}
}

@article{palmiter-elkerton,
    author = {Palmiter, Susan, and Jay Elkerton},
    title = {{An evaluation of animated demonstrations of learning computer-based tasks.}},
    journal = {Proceedings of the SIGCHI conference on Human Factors in Computing Systems},
    publisher = {ACM},
    year = {1991}
}

@article{galant,
    author = {Stallmann, Matthias F},
    title = {{Algorithm Animation with Galant.}},
    journal = {IEEE Computer Graphics and Applications},
    volume = {37},
    number = {1},
    year = {2017}
}

@article{smart-requirements,
    author = {Mannion, Mike, and Barry Keepence},
    title = {{SMART Requirements.}},
    journal = {ACM SIGSOFT Software Engineering Notes},
    volume = {20},
    number = {2},
    year = {1995},
    pages = {42-47}
}

@book{moscow-requirements,
    author = {Clegg, Dai, and Richard Barker},
    title = {{Case method fast-track: a RAD approach.}},
    publisher = {Addison-Wesley Longman Publishing Co., Inc},
    year = {1994}
}

@book{software-engineering,
    author = {Sommerville, Ian},
    title = {{Software Engineering.}},
    publisher = {Pearson},
    year = {2015}
}

@article{extreme-programming,
    author = {Beck, Kent},
    title = {{Embracing change with extreme programming.}},
    journal = {Computer},
    volume = {32},
    number = {10},
    year = {1999},
    pages = {70-77}
}

@book{continuous-integration,
    author = {Booch, Grady},
    title = {{Object Oriented Design: With Applications.}},
    publisher = {Benjamin/Cummings},
    year = {1991}
}

@article{planning-poker,
    author = {Grenning, James},
    title = {{Planning poker or how to avoid analysis paralysis while release planning.}},
    journal = {Renaissance Software Consulting},
    year = {2002}
}

@article{animal-algo-animation,
    author = {Rößling, Guido, Markus Schüer, and Bernd Freisleben},
    title = {{The ANIMAL algorithm animation tool.}},
    journal = {ACM SIGCSE Bulletin},
    volume = {32},
    number = {3},
    publisher = {ACM},
    year = {2000}
}
